

@inproceedings{Aguilar2022Europar,
	author = {Aguilar Mena, Jimmy and Shaaban, Omar and Beltran, Vicen\c{c} and Carpenter, Paul and Ayguade, Eduard and Labarta Mancho, Jesus},
	title = {OmpSs-2@Cluster: Distributed memory execution of nested OpenMP-style tasks},
	booktitle = {Published in the proceedings of the 28th International European Conference on Parallel and Distributed Computing {Euro-Par}},
	address = {Glasgow, Scotland, United Kingdom},
	year = {2022}
}

@misc{Aguilar2022Artifact,
	title = {Artifact and instructions to generate experimental results for the {Euro-Par} 2022 paper: "{OmpSs-2@Cluster}: Distributed memory execution of nested {OpenMP}-style tasks"},
	author = {Aguilar Mena, Jimmy and Shaaban, Omar and Beltran, Vicen\c{c} and Carpenter, Paul and Ayguade, Eduard and Labarta Mancho, Jesus},
	year = {2022},
	doi = {10.6084/m9.figshare.19960721}
}


@inproceedings{Carpenter2022ICPP,
	author = {Aguilar Mena, Jimmy and Shaaban, Omar and Lopez, Victor and Garcia, Marta and Carpenter, Paul and Ayguade, Eduard and Labarta Mancho, Jesus},
	title = {"Transparent load balancing of MPI programs using OmpSs-2@Cluster and DLB"},
	booktitle = {Published in the proceedings of the International Conference on Parallel Processing {ICPP '22}},
	address = {Glasgow, Scotland, United Kingdom},
	year = {2022}
}
